@article{
    michael1996,
    Author = {Maged M. Michael and Michael L. Scott},
    Title = {Simple, {F}ast, and {P}ractical {N}on-{B}locking and {B}locking {C}oncurrent
             {Q}ueue {A}lgorithms},
    Journal = {},
    Year = {1996} 
}

@article{
    scherer2009,
    Author = {William N. Scherer III, Doug Lea, and Michael L. Scott},
    Title = {Scalable {S}ynchronous {Q}ueues},
    Journal = {Communications of the ACM},
    Volume = {52},
    Pages = {100--108},
    Number = {5},
    Year = {2009},
    Month = {May} 
}

@misc{
    sutterwriting,
    author = {Herb Sutter},
    year = {2008},
    title = {Writing a {G}eneralized {C}oncurrent {Q}ueue},
    howpublished = {\url{http://www.drdobbs.com/parallel/writing-a-generalized-concurrent-queue/211601363}}
}
