@article{
    michael1996,
    Author = {Maged M. Michael and Michael L. Scott},
    Title = {Simple, {F}ast, and {P}ractical {N}on-{B}locking and {B}locking {C}oncurrent
             {Q}ueue {A}lgorithms},
    Journal = {},
    Year = {1996} 
}

@article{
    scherer2009,
    Author = {William N. Scherer III, Doug Lea, and Michael L. Scott},
    Title = {Scalable {S}ynchronous {Q}ueues},
    Journal = {Communications of the ACM},
    Volume = {52},
    Pages = {100--108},
    Number = {5},
    Year = {2009},
    Month = {May} 
}

@article{
    herlihy2005,
    Author = {Maurice Herlihy, Victor Luchangco, Paul Martin, and Mark Moir},
    Title = {Nonblocking memory management support for dynamic-sized data structures},
    Journal = {ACM Trans. Comput. Syst.},
    Volume = {23},
    Pages = {146--196},
    Number = {2},
    Year = {2005},
}

@incollection{
    afek2010quasi,
    title={Quasi-linearizability: Relaxed consistency for improved concurrency},
    author={Afek, Yehuda and Korland, Guy and Yanovsky, Eitan},
    booktitle={Principles of Distributed Systems},
    pages={395--410},
    year={2010},
    publisher={Springer}
}

@misc{
    sutterwriting,
    author = {Herb Sutter},
    year = {2008},
    title = {Writing a {G}eneralized {C}oncurrent {Q}ueue},
    howpublished = {\url{http://www.drdobbs.com/parallel/writing-a-generalized-concurrent-queue/211601363}}
}

@misc{
    suttertest,
    author = {Herb Sutter},
    year = {2008},
    title = {Measuring {P}arallel {P}erformance: {O}ptimizing a {C}oncurrent {Q}ueue},
    howpublished = {\url{http://www.drdobbs.com/parallel/measuring-parallel-performance-optimizin/212201163}}
}
